% Encoding: UTF-8

@Article{Survey,
  author    = {Smeulders, Arnold WM and Chu, Dung M and Cucchiara, Rita and Calderara, Simone and Dehghan, Afshin and Shah, Mubarak},
  title     = {Visual tracking: An experimental survey},
  journal   = {IEEE transactions on pattern analysis and machine intelligence},
  year      = {2014},
  volume    = {36},
  number    = {7},
  pages     = {1442--1468},
  publisher = {IEEE},
}

@InProceedings{Discriminative,
  author    = {Sun, Chong and Lu, Huchuan and Yang, Ming-Hsuan},
  title     = {Learning spatial-aware regressions for visual tracking},
  booktitle = {IEEE Conf. on Computer Vision and Pattern Recognition (CVPR)},
  year      = {2018},
  pages     = {8962--8970},
}

@Article{KCF,
  author    = {Henriques, Jo{\~a}o F and Caseiro, Rui and Martins, Pedro and Batista, Jorge},
  title     = {High-speed tracking with kernelized correlation filters},
  journal   = {IEEE Transactions on Pattern Analysis and Machine Intelligence},
  year      = {2015},
  volume    = {37},
  number    = {3},
  pages     = {583--596},
  publisher = {IEEE},
}

@Article{confidencemap,
  author    = {Bae, Seung-Hwan and Yoon, Kuk-Jin},
  title     = {Confidence-based data association and discriminative deep appearance learning for robust online multi-object tracking},
  journal   = {IEEE transactions on pattern analysis and machine intelligence},
  year      = {2018},
  volume    = {40},
  number    = {3},
  pages     = {595--610},
  publisher = {IEEE},
}

@Article{Randomforest,
  author    = {Wang, Wei and Wang, Chunping and Liu, Si and Zhang, Tianzhu and Cao, Xiaochun},
  title     = {Robust target tracking by online random forests and superpixels},
  journal   = {IEEE Transactions on Circuits and Systems for Video Technology},
  year      = {2018},
  volume    = {28},
  number    = {7},
  pages     = {1609--1622},
  publisher = {IEEE},
}

@Article{Boosting,
  author    = {Jiang, Wanyue and Wang, Yin and Wang, Daobo},
  title     = {Robust visual tracking using a contextual boosting approach},
  journal   = {Journal of Electronic Imaging},
  year      = {2018},
  volume    = {27},
  number    = {2},
  pages     = {023012},
  publisher = {International Society for Optics and Photonics},
}

@InProceedings{colorinformation,
  author    = {Possegger, Horst and Mauthner, Thomas and Bischof, Horst},
  title     = {In defense of color-based model-free tracking},
  booktitle = {Proceedings of the IEEE Conference on Computer Vision and Pattern Recognition},
  year      = {2015},
  pages     = {2113--2120},
}

@InProceedings{HOG,
  author       = {Dalal, Navneet and Triggs, Bill},
  title        = {Histograms of oriented gradients for human detection},
  booktitle    = {Computer Vision and Pattern Recognition, 2005. CVPR 2005. IEEE Computer Society Conference on},
  year         = {2005},
  volume       = {1},
  pages        = {886--893},
  organization = {IEEE},
}

@InProceedings{color2,
  author    = {Lukezic, Alan and Vojir, Tomas and Zajc, Luka Cehovin and Matas, Jiri and Kristan, Matej},
  title     = {Discriminative Correlation Filter with Channel and Spatial Reliability.},
  booktitle = {CVPR},
  year      = {2017},
  volume    = {6},
  pages     = {8},
}

@Article{Modelupdate,
  author    = {Mazzeo, Pier Luigi and Spagnolo, Paolo and Leo, Marco and Carcagn{\`\i}, Pierluigi and Del Coco, Marco and Distante, Cosimo},
  title     = {Dense descriptor for visual tracking and robust update model strategy},
  journal   = {Journal of Ambient Intelligence and Humanized Computing},
  year      = {2017},
  pages     = {1--11},
  publisher = {Springer},
}

@Article{OTB,
  author    = {Wu, Yi and Lim, Jongwoo and Yang, Ming-Hsuan},
  title     = {Object tracking benchmark},
  journal   = {IEEE Transactions on Pattern Analysis and Machine Intelligence},
  year      = {2015},
  volume    = {37},
  number    = {9},
  pages     = {1834--1848},
  publisher = {IEEE},
}

@Article{TLD,
  author  = {Kalal, Zdenek and Mikolajczyk, Krystian and Matas, Jiri and others},
  title   = {Tracking-learning-detection},
  journal = {IEEE transactions on pattern analysis and machine intelligence},
  year    = {2012},
  volume  = {34},
  number  = {7},
  pages   = {1409},
}

@InProceedings{CT,
  author       = {Zhang, Kaihua and Zhang, Lei and Yang, Ming-Hsuan},
  title        = {Real-time compressive tracking},
  booktitle    = {European conference on computer vision},
  year         = {2012},
  pages        = {864--877},
  organization = {Springer},
}

@InProceedings{CSK,
  author       = {Henriques, Jo{\~a}o F and Caseiro, Rui and Martins, Pedro and Batista, Jorge},
  title        = {Exploiting the circulant structure of tracking-by-detection with kernels},
  booktitle    = {European conference on computer vision},
  year         = {2012},
  pages        = {702--715},
  organization = {Springer},
}

@Article{Survey2,
  author    = {Li, Peixia and Wang, Dong and Wang, Lijun and Lu, Huchuan},
  title     = {Deep visual tracking: Review and experimental comparison},
  journal   = {Pattern Recognition},
  year      = {2018},
  volume    = {76},
  pages     = {323--338},
  publisher = {Elsevier},
}

@Article{SVM,
  author    = {Zuo, Wangmeng and Wu, Xiaohe and Lin, Liang and Zhang, Lei and Yang, Ming-Hsuan},
  title     = {Learning support correlation filters for visual tracking},
  journal   = {IEEE Transactions on Pattern Analysis and Machine Intelligence},
  year      = {2018},
  publisher = {IEEE},
}

@Comment{jabref-meta: databaseType:bibtex;}
